@article{Pisarski:1984dj,
	author = "Pisarski, Robert D.",
	title = "{Chiral Symmetry Breaking in Three-Dimensional Electrodynamics}",
	reportNumber = "NSF-ITP-84-19",
	doi = "10.1103/PhysRevD.29.2423",
	journal = "Phys. Rev. D",
	volume = "29",
	pages = "2423",
	year = "1984"
}

@article{PhysRevD.33.3704,
	title = {Spontaneous chiral-symmetry breaking in three-dimensional QED},
	author = {Appelquist, Thomas W. and Bowick, Mark and Karabali, Dimitra and Wijewardhana, L. C. R.},
	journal = {Phys. Rev. D},
	volume = {33},
	issue = {12},
	pages = {3704--3713},
	numpages = {0},
	year = {1986},
	month = {Jun},
	publisher = {American Physical Society},
	doi = {10.1103/PhysRevD.33.3704},
	url = {https://link.aps.org/doi/10.1103/PhysRevD.33.3704}
}

@article{PhysRevB.103.085104,
	title = {Lattice Abelian-Higgs model with noncompact gauge fields},
	author = {Bonati, Claudio and Pelissetto, Andrea and Vicari, Ettore},
	journal = {Phys. Rev. B},
	volume = {103},
	issue = {8},
	pages = {085104},
	numpages = {18},
	year = {2021},
	month = {Feb},
	publisher = {American Physical Society},
	doi = {10.1103/PhysRevB.103.085104},
	url = {https://link.aps.org/doi/10.1103/PhysRevB.103.085104}
}

@article{Bonati:2021rzx,
	author = "Bonati, Claudio and Franchi, Alessio and Pelissetto, Andrea and Vicari, Ettore",
	title = "{Phase diagram and Higgs phases of three-dimensional lattice SU(Nc) gauge theories with multiparameter scalar potentials}",
	eprint = "2110.01657",
	archivePrefix = "arXiv",
	primaryClass = "cond-mat.stat-mech",
	doi = "10.1103/PhysRevE.104.064111",
	journal = "Phys. Rev. E",
	volume = "104",
	number = "6",
	pages = "064111",
	year = "2021"
}
